<record><leader>00000cas a2200000Ma 4500</leader><controlfield tag="001">10829791</controlfield><controlfield tag="008">840611d18451846mauuu ne      0    0eng d</controlfield><datafield ind1=" " ind2=" " tag="010"><subfield code="a">sn 84023342 </subfield></datafield><datafield ind1=" " ind2=" " tag="040"><subfield code="a">AQM</subfield><subfield code="b">eng</subfield><subfield code="c">AQM</subfield><subfield code="d">OCLCQ</subfield><subfield code="d">OCLCO</subfield></datafield><datafield ind1="1" ind2=" " tag="029"><subfield code="a">AU@</subfield><subfield code="b">000025822854</subfield></datafield><datafield ind1="0" ind2="0" tag="245"><subfield code="a">Free State rally and Texan chain-breaker.</subfield></datafield><datafield ind1=" " ind2=" " tag="260"><subfield code="a">Boston [Mass.] :</subfield><subfield code="b">Jordan &amp; Wiley,</subfield><subfield code="c">1845-1846.</subfield></datafield><datafield ind1=" " ind2=" " tag="300"><subfield code="a">1 v. ;</subfield><subfield code="c">36 cm.</subfield></datafield><datafield ind1=" " ind2=" " tag="310"><subfield code="a">Frequency irregular</subfield></datafield><datafield ind1="0" ind2=" " tag="362"><subfield code="a">Vol. 1, no. 1 (Nov. 15, 1845)-v. 1, no. 6 (Jan. 12, 1845 [i.e. 1846]).</subfield></datafield><datafield ind1=" " ind2=" " tag="500"><subfield code="a">Printers: White &amp; Potter.</subfield></datafield><datafield ind1=" " ind2=" " tag="500"><subfield code="a">Published in opposition to the admission of Texas as a slave state.</subfield></datafield><datafield ind1=" " ind2=" " tag="550"><subfield code="a">"Conducted by the Massachusetts State Texas Committee."</subfield></datafield><datafield ind1=" " ind2="7" tag="655"><subfield code="a">Newspapers.</subfield><subfield code="2">rbgenr</subfield></datafield><datafield ind1="2" ind2=" " tag="710"><subfield code="a">Massachusetts State Texas Committee.</subfield></datafield><datafield ind1=" " ind2=" " tag="752"><subfield code="a">United States</subfield><subfield code="b">Massachusetts</subfield><subfield code="c">Suffolk</subfield><subfield code="d">Boston.</subfield></datafield></record>